@article{ao2012,
	Author = {Marco Rospocher and Sara Tonelli and Luciano Serafini and Emanuele Pianta},
	Date-Added = {2012-08-01 08:49:24 +0000},
	Date-Modified = {2012-12-07 07:32:50 +0000},
	Journal = {Applied Ontology},
	Number = {4},
	Pages = {429-448},
	Publisher = {IOS Press},
	Title = {Corpus-based Terminological Evaluation of Ontologies},
	Url = {http://iospress.metapress.com/content/3356r67874680284/},
	Volume = {7},
	Year = {2012},
	Bdsk-Url-1 = {http://iospress.metapress.com/content/3356r67874680284/}}

@article{sauri2009factbank,
  title={FactBank: a corpus annotated with event factuality},
  author={Saur{\'\i}, Roser and Pustejovsky, James},
  journal={Language resources and evaluation},
  volume={43},
  number={3},
  pages={227--268},
  year={2009},
  publisher={Springer}
}

@inproceedings{KAF,
author = {Wauter Bosma and Piek Vossen and Aitor Soroa and German Rigau and Maurizio Tesconi and Andrea Marchetti and Monica Monachini and Carlo Aliprandi},
title = {{KAF:} a generic semantic annotation format},
booktitle = {Proceedings of the 5th International Conference on Generative Approaches to the Lexicon GL 2009},
address = {Pisa, Italy},
year = {2009 }
}


@inproceedings{corcoglioniti-etal:2013,
	Author = {Francesco Corcoglioniti and Marco Rospocher and Roldano Cattoni and Bernardo Magnini and Luciano Serafini},
	Booktitle = {7th IEEE International Conference on Semantic Computing (ICSC), Irvine, CA, USA},
	Date-Added = {2013-07-08 06:55:26 +0000},
	Date-Modified = {2013-07-08 06:56:53 +0000},
	Title = {Interlinking Unstructured and Structured Knowledge in an Integrated Framework},
	Year = {2013}}

@INPROCEEDINGS{ide:rom:cle:03,
     author = {Nancy Ide and Laurent Romary and {\'{E}}ric Villemonte de La Clergerie},
      title = {International Standard for a Linguistic Annotation Framework},
  booktitle = {Proceedings of the HLT-NAACL 2003 Workshop on Software Engineering and Architecture of Language Technology Systems (SEALTS)},
       year = {2003},
  publisher = {Association for Computational Linguistics}
}


@techreport{MOENS:2011,
	Author = {Marie-Francine Moens and Oleksandr Kolomiyets and Emanuele Pianta and Sara Tonelli and Steven Bethard},
	Date-Added = {2013-02-26 14:50:21 +0000},
	Date-Modified = {2013-02-28 11:43:56 +0100},
	Institution = {TERENCE project -- ICT FP7 Programme -- ICT-2010-25410},
	Title = {D3.1: State-of-the-art and Design of Novel Annotation Languages and Technologies: Updated Version},
	Year = {2011}}

@inproceedings{hel:leh:aue:brue:13,
title={Integrating NLP using Linked Data},
author={Hellmann, Sebastian and Lehmann, Jens and Auer, S{\"o}ren and Br{\"u}mmer, Martin},
booktitle = {Proceedings of the 12th International Semantic Web Conference (ISWC)},
year = {2013}
}

